@article{Anderson,
  title={A proposal for the advanced encryption standard.},
  author={Anderson, Ross; Biham, Eli; Knudsen, Lars},
  journal={University of Cambridge},
  year={1998}
}

@book{Schneier,
  title={Kryptografia dla praktyków: protokoły, algorytmy i programy źródłowe w języku C.},
  author={Schneier, Bruce},
  year={2002},
  publisher={Wydawnictwa Naukowo-Techniczne, Warszawa}
}
